@book{spivak,
    title={Calculus},
    edition={4},
    author={Michael Spivak},
    publisher={Publish or Perish},
    year={2008}
}